@software{Christensen_TEI_Corpus_du_2022,
author = {Christensen, Kelly and Gabay, Simon and Pinche, Ariane},
doi = {10.5281/zenodo.1234},
month = {7},
title = {{TEI Corpus du projet Gallicorpora}},
url = {https://github.com/Gallicorpora/TEI},
version = {1.0.0},
year = {2022},
}

@software{Christensen_AltoToTei,
author = {Christensen, Kelly and Gabay, Simon and Pinche, Ariane},
title = {{AltoToTei}},
url = {https://github.com/Gallicorpora/application}
}

@unpublished{clerice_you_2022,
	title = {You {Actually} {Look} {Twice} {At} it ({YALTAi}): using an object detection approach instead of region segmentation within the {Kraken} engine},
	url = {https://hal-enc.archives-ouvertes.fr/hal-03723208},
	author = {Clérice, Thibault},
	month = jul,
	year = {2022},
	keywords = {ocr, historical document, htr, kraken, layout segmentation, object detection, yolo},
 }

@misc{pinche_cremma_2022,
	title = {Cremma {Medieval}},
	url = {https://github.com/HTR-United/cremma-medieval},
	abstract = {Transcription corpora for training HTR models for medieval manuscripts from the 12th to the 15th century.},
	urldate = {2022-11-03},
	author = {Pinche, Ariane},
	month = jun,
	year = {2022},
}

@book{moretti_distant_2013,
	location = {London},
	title = {Distant reading},
	publisher = {Verso},
	author = {Moretti, Franco},
	date = {2013},
	file = {swissbib \: Distant reading / Franco Moretti (Livre).:/Users/gabaysimon/Zotero/storage/JWPGFP9M/304715646.html:text/html},
}

@MISC{CREMMA,
author = {Romary, Laurent and Clérice, Thibault and Jolivet, Vincent and Bougard, François and Perreaux, Nicolas and Pottier, Christophe and Stokes, Peter and Chagué, Alix},
title = {CREMMA - Consortium pour la Reconnaissance d’Écriture Manuscrite des Matériaux Anciens},
year = {2021},
howpublished={\url{https://www.dim-map.fr/projets-soutenus/cremma/}}
}

@inproceedings{gabay_segmonto_2021,
	location = {Lausann (Switzerland)},
	title = {{SegmOnto}: common vocabulary and practices for analysing the layout of manuscripts (and more)},
	eventtitle = {1st International Workshop on Computational Paleography {IWCP}},
	booktitle = {Proceedings of the 1st International Workshop on Computational Paleography},
	publisher = {Springer},
	author = {Gabay, Simon and Camps, Jean-Baptiste and Pinche, Ariane and Jahan, Claire},
	date = {2021-09}
}

@article{camps_corpus_2020,
	title = {Corpus and {Models} for {Lemmatisation} and {POS}-tagging of {Classical} {French} {Theatre}},
	journal = {arXiv preprint arXiv:2005.07505},
	author = {Camps, Jean-Baptiste and Gabay, Simon and Fièvre, Paul and Clérice, Thibault and Cafiero, Florian},
	year = {2020},
}

@inproceedings{gabay_standardizing_2020,
	title = {Standardizing linguistic data: method and tools for annotating (pre-orthographic) {French}},
	shorttitle = {Standardizing linguistic data},
	booktitle = {Proceedings of the 2nd {International} {Conference} on {Digital} {Tools} \& {Uses} {Congress}},
	author = {Gabay, Simon and Clérice, Thibault and Camps, Jean-Baptiste and Tanguy, Jean-Baptiste and Gille-Levenson, Matthias},
	year = {2020},
	pages = {1--7},
}

@unpublished{DTS,
  TITLE = {{Distributed Text Services (DTS): a Community-built API to Publish and Consume Text Collections as Linked Data}},
  AUTHOR = {Almas, Bridget and Cl{\'e}rice, Thibault and Cayless, Hugh and Jolivet, Vincent and Liuzzo, Pietro Maria and Romanello, Matteo and Robie, Jonathan and Scott, Ian W.},
  URL = {https://hal.archives-ouvertes.fr/hal-03183886},
  % note = {This manuscript was submitted to and is being reviewed at the Journal of the Text Encoding Initiative (jTEI)},
  YEAR = {2021},
  MONTH = Mar,
  KEYWORDS = {API Specification ; Interoperability ; FAIR ; Text Navigation},
  PDF = {https://hal.archives-ouvertes.fr/hal-03183886/file/DTS-jTEI-HAL.pdf},
  HAL_ID = {hal-03183886},
  HAL_VERSION = {v1},
}

@techreport{FRBR_1998,
  author      = {IFLA Study Group on the Functional Requirements for Bibliographic Records},
  institution = {International Federation of Library Associations and Institutions},
  title       = {Functional Requirements for Bibliographic Records},
  year        = {1998},
  url		  = {https://repository.ifla.org/handle/123456789/830},
  isbn		  = {9783598113826},
}

@techreport{FRBR_2009,
  author      = {IFLA Study Group on the Functional Requirements for Bibliographic Records},
  institution = {International Federation of Library Associations and Institutions},
  title       = {Functional Requirements for Bibliographic Records},
  year        = {2009},
  url		  = {https://repository.ifla.org/handle/123456789/811},
  isbn		  = {978359811382-6},
}

@article{FRBR_Worldcat,
  author          = {Bennet, Rick and Lavoie, Brian F. and O'Neill, Edward T.},
  journal         = {Library Collections, Acquisitions, and Technical Services},
  number          = {1},
  title           = {The Concept of a Work in WorldCat: An Application of FRBR},
  volume          = {27},
  year            = {2003}
}

@inbook{Sahle2023,
  author       = {Schmidt, Johannes and Sahle, Patrick},
  booktitle    = {Der Text und seine (Re)Produktion},
  editor       = {Fröhlich, Niklas and Politycki, Bastian and Schäfer, Dirk and Sonder, Annkathrin},
  isbn         = {978-3-11-099882-5},
  pages        = {107--134},
  publisher    = {De Gruyter},
  title        = {{Das Werk des Soziologen – Ist da ein Text in diesem Nachlass?}},
  url          = {https://pub.uni-bielefeld.de/record/2986576},
  doi          = {10.1515/9783111006147-008},
  volume       = {55},
  year         = {2023},
}

@article{ciula2016circling,
  title={Circling around texts and language: towards" pragmatic modelling" in Digital Humanities.},
  author={Ciula, Arianna and Marras, Cristina},
  journal={DHQ: Digital Humanities Quarterly},
  volume={10},
  number={3},
  year={2016}
}

@book{Sahle2013,
       publisher = {BoD},
          author = {Patrick Sahle},
          volume = {9},
         address = {Norderstedt},
            year = {2013},
           title = {Digitale Editionsformen. Zum Umgang mit der {\"U}berlieferung unter den Bedingungen des Medienwandels. Teil 3: Textbegriffe und Recodierung. [Finale Print-Fassung]},
        abstract = {Die wissenschaftliche Edition zielt auf die zuverl{\"a}ssige Wiedergabe des Textes. Aber was ist dieser Text eigentlich? Bei genauerer Betrachtung erlaubt nur ein erweiterter Textbegriff und ein neues pluralistisches Textmodell eine Beschreibung aller textuellen Ph{\"a}nomene, die in einer wissenschaftlichen Edition zu ber{\"u}cksichtigen sind. Auch unsere Technologien und Methodologien der Textcodierung, hier vor allem die Auszeichnungssprachen im Allgemeinen und die Beschreibungsempfehlungen der Text Encoding Initiative (TEI) im Besonderen k{\"o}nnen unter dieser Schablone genauer beschrieben und hinsichtlich ihrer Grenzen charakterisiert werden. Schlie{\ss}lich erlaubt das pluralistische Textmodell auch die pr{\"a}zisere theoretische Fundierung jener Prozesse, die als "Transkription" Grundlage und Herzst{\"u}ck einer jeden wissenschaftlichen Edition sind.},
             url = {https://kups.ub.uni-koeln.de/5353/}
}


@article{Cappellotto2020,
  title={From codex to apps: the medieval manuscript in the age of its digital reproduction}, 
  volume={4}, 
  url={https://umanisticadigitale.unibo.it/article/view/11459}, 
  DOI={10.6092/issn.2532-8816/11459}, 
  number={9}, 
  journal={Umanistica Digitale}, 
  author={Cappellotto, Anna}, 
  year={2020}, 
  month={1}, 
  pages={1-18}
}

@article{Duval2017,
 ISSN = {07512708, 17775892},
 URL = {http://www.jstor.org/stable/44988396},
 author = {Frédéric Duval},
 journal = {Médiévales},
 number = {73},
 pages = {13--29},
 publisher = {Presses Universitaires de Vincennes},
 title = {Pour des éditions numériques critiques. L'exemple des textes français},
 urldate = {2024-06-04},
 year = {2017}
}

@article{Gumbert2003,
  title = {Codicological Units: Towards a Terminology for the Stratigraphy of the Non-Homogenous Codex},
  author = {J.P. Gumbert},
  pages = {17--42},
  journal = {Segno e testo international journal of manuscripts and text transmission},
  publisher = {Università degli studi di Cassino, Centro Editoriale di Ateneo},
  year = {2003},
}

@journal{SegnoETesto,
issn = {2037-0245},
title = {Segno e testo international journal of manuscripts and text transmission},
publisher = {Università degli studi di Cassino, Centro Editoriale di Ateneo},
year = {2003},
address = {Cassino (FR)},
keywords = {Manuscrits grecs -- Périodiques.},
}

@incollection{Querel2007,
  author = {Danielle Quéruel},
  title = {Formules narratives rubriques et enluminures: l'exemple de l'histoire de Renaut de Montauban de David Aubert (XVe siècle)},
  pages = {131--145},
  crossref = {Heck2007}
}

@book{Heck2007,
  title = {Lecture, représentation et citation: L'image comme texte et l'image comme signe, XIe-XVIIe siècle},
  year = {2007},
  editor = {Heck, Christian},
  city = {Lille}
}

@book{DictionnaireLettresFrancaises,
  TITLE = {{Dictionnaire des lettres fran{\c c}aises. Le Moyen {\^A}ge}},
  AUTHOR = {Hasenohr, Genevi{\`e}ve and Zink, Michel},
  URL = {https://hal.science/hal-03299943},
  NOTE = {nele {\'e}d. G. Hasehnor, M. Zink},
  PUBLISHER = {{Le livre de poche}},
  SERIES = {Le livre de poche},
  YEAR = {1992},
  KEYWORDS = {lettres et arts ; Vie intellectuelle ; Historiographie m{\'e}di{\'e}vale},
  HAL_ID = {hal-03299943},
  HAL_VERSION = {v1},
}

@online{ArchivesPortal,
  author = {Archives Portal Europe Foundation},
  title = {Archives Portal Europe},
  year = 2024,
  url = {https://www.archivesportaleurope.net/},
  urldate = {2024-06-03}
}

@PHDTHESIS{camps2016,
url = "http://www.theses.fr/2016PA040173",
title = "La Chanson d’Otinel. Édition complète du corpus manuscrit et prolégomènes à l’édition critique",
author = "Camps, Jean-Baptiste",
year = "2016",
note = "Thèse de doctorat dirigée par Boutet, Dominique Études médiévales Paris 4 2016",
note = "2016PA040173",
}


@article{Leverage2000,
  author = {Leverage, Paula},
  title = {Unrolling Memories : Audience Inscription in the Renaut de Montauban Prologue},
  year = {2000},
  url = {https://www.persee.fr/doc/roma_0035-8029_2000_num_118_469_1526},
  journal = {Romania},
  volume = {118},
  number = {469},
  doi = {10.3406/roma.2000.1526},
  pages = {206--218}
}

@PHDTHESIS{Augustine2020,
url = "http://www.theses.fr/2020ORLE3174",
title = "Le cycle de Renaut de Montauban, un exemple de l’écriture cyclique au Moyen Âge",
author = "Augustine, Gaëtan",
year = "2020",
note = "Thèse de doctorat dirigée par Haugeard, Philippe Langues et littératures françaises Orléans 2020",
note = "2020ORLE3174",
url = "http://www.theses.fr/2020ORLE3174/document",
}

@book{kienhorst1988handschriften,
  title={De handschriften van de Middelnederlandse ridderepiek: Plates},
  author={Kienhorst, H.},
  isbn={9789070591274},
  series={De handschriften van de Middelnederlandse ridderepiek: een codicologische beschrijving},
  year={1988},
  publisher={Sub Rosa}
}

@article{Comfort1904,
 ISSN = {00308129},
 URL = {http://www.jstor.org/stable/456466},
 author = {William Wistar Comfort},
 journal = {PMLA},
 number = {1},
 pages = {64--74},
 publisher = {Modern Language Association},
 title = {The Essential Difference between a Chanson de Geste and a Roman d'Aventure},
 urldate = {2024-06-19},
 volume = {19},
 year = {1904}
}

@inbook{Zundert2020,
url = {https://doi.org/10.1515/9783110684384-006},
title = {5 Computational methods and tools},
booktitle = {Handbook of Stemmatology},
booktitle = {History, Methodology, Digital Approaches},
author = {Joris van Zundert},
editor = {Philipp Roelli},
publisher = {De Gruyter},
address = {Berlin, Boston},
pages = {292--356},
doi = {doi:10.1515/9783110684384-006},
isbn = {9783110684384},
year = {2020},
lastchecked = {2024-06-20}
}

@article{McKie1997,
 ISSN = {00267937, 22224319},
 URL = {http://www.jstor.org/stable/3734202},
 abstract = {This article provides an account of the origins of rhyme and a consideration of the 'single point of origin' theory. It surveys the place of rhyme in Old and Middle English verse, and gives an account of the transmission of rhyme into English verse from Celtic and Latin Verse. It examines the factors that led to the spread of rhyme in the Middle Ages: including Christian hymn and sequence; the relation of music and poetry; the new syllabic prosody; and the verse of the troubadours},
 author = {Michael McKie},
 journal = {The Modern Language Review},
 number = {4},
 pages = {817--831},
 publisher = {Modern Humanities Research Association},
 title = {The Origins and Early Development of Rhyme in English Verse},
 urldate = {2024-06-20},
 volume = {92},
 year = {1997}
}

@article{Layher2008,
 ISSN = {00365637},
 URL = {http://www.jstor.org/stable/40920821},
 author = {William Layher},
 journal = {Scandinavian Studies},
 number = {4},
 pages = {407--436},
 publisher = {[Society for the Advancement of Scandinavian Study, University of Illinois Press]},
 title = {The Big Splash: End-Rhyme and Innovation in Medieval Scandinavian Poetics},
 urldate = {2024-06-20},
 volume = {80},
 year = {2008}
}

@article{Davis2002,
 ISSN = {00092002, 15284204},
 URL = {http://www.jstor.org/stable/25096182},
 author = {Steven Davis},
 journal = {The Chaucer Review},
 number = {4},
 pages = {391--405},
 publisher = {Penn State University Press},
 title = {Guillaume de Machaut, Chaucer's "Book of the Duchess", and the Chaucer Tradition},
 urldate = {2024-06-20},
 volume = {36},
 year = {2002}
}

@article{Gornall1995,
 ISSN = {00267937, 22224319},
 URL = {http://www.jstor.org/stable/3734546},
 author = {John Gornall},
 journal = {The Modern Language Review},
 number = {2},
 pages = {363--369},
 publisher = {Modern Humanities Research Association},
 title = {Assonance in the Hispanic "Romance": Precept and Practice},
 urldate = {2024-06-20},
 volume = {90},
 year = {1995}
}

@misc {Spielmannsdichtung,
      title = "Spielmannsdichtung",
      isbn = "9780191727412",
      doi = "10.1093/oi/authority.20110803100523531",
      url = "https://www.oxfordreference.com/view/10.1093/oi/authority.20110803100523531"
}

@article{Besamusca2011,
 ISSN = {03819132, 15483037},
 URL = {https://www.jstor.org/stable/48603126},
 author = {Bart Besamusca},
 journal = {Olifant},
 number = {2},
 pages = {167--194},
 publisher = {Société Rencesvals, American-Canadian Branch},
 title = {Medieval Dutch Charlemagne Romances: An Overview},
 urldate = {2024-06-20},
 volume = {26},
 year = {2011}
}


@inproceedings{Oostrom2005,
title = "Grote oorzaken, kleine gevolgen? Over een bijfiguur in de Flovent, en het primaire publiek van de Middelnederlandse ridderroman",
author = "{van Oostrom}, F.P.",
year = "2005",
language = "Undefined/Unknown",
editor = "B. Besamusca and J. Tigelaar",
booktitle = "Karolus Rex. Studies over de middeleeuwse verhaaltraditie rond Karel de Grote",
publisher = "Verloren",
}
